<record><leader>00000cas a2200000 a 4500</leader><controlfield tag="001">13922108</controlfield><controlfield tag="008">860724d18331834gauwn ne      0    0eng c</controlfield><datafield ind1=" " ind2=" " tag="010"><subfield code="a">sn 86077123 </subfield></datafield><datafield ind1=" " ind2=" " tag="040"><subfield code="a">NPA</subfield><subfield code="b">eng</subfield><subfield code="c">NPA</subfield><subfield code="d">NYS</subfield><subfield code="d">NLG</subfield><subfield code="d">FUG</subfield><subfield code="d">NVK</subfield><subfield code="d">NVF</subfield><subfield code="d">OCL</subfield><subfield code="d">OCLCQ</subfield><subfield code="d">OCLCF</subfield><subfield code="d">OCLCO</subfield></datafield><datafield ind1="1" ind2=" " tag="029"><subfield code="a">AU@</subfield><subfield code="b">000020128281</subfield></datafield><datafield ind1=" " ind2=" " tag="042"><subfield code="a">pcc</subfield></datafield><datafield ind1=" " ind2=" " tag="043"><subfield code="a">n-us-ga</subfield></datafield><datafield ind1="0" ind2="0" tag="245"><subfield code="a">Georgia times and state right's advocate.</subfield></datafield><datafield ind1="1" ind2=" " tag="246"><subfield code="i">Published as:</subfield><subfield code="a">Georgia times, &amp; state right's advocate</subfield><subfield code="f">Aug. 7-14, 1833</subfield></datafield><datafield ind1=" " ind2=" " tag="260"><subfield code="a">Milledgeville, Ga. :</subfield><subfield code="b">Marmaduke J. Slade,</subfield><subfield code="c">1833-1834.</subfield></datafield><datafield ind1=" " ind2=" " tag="300"><subfield code="a">v.</subfield></datafield><datafield ind1=" " ind2=" " tag="310"><subfield code="a">Weekly (semiweekly during sessions of the legislature)</subfield></datafield><datafield ind1="0" ind2=" " tag="362"><subfield code="a">Vol. 1, no. 10 (Mar. 20, 1833)-v. 2, no. 2 (Jan. 8, 1834).</subfield></datafield><datafield ind1=" " ind2=" " tag="530"><subfield code="a">Available on microfilm from the University of Georgia Libraries.</subfield></datafield><datafield ind1=" " ind2="0" tag="651"><subfield code="a">Baldwin County (Ga.)</subfield><subfield code="v">Newspapers.</subfield></datafield><datafield ind1=" " ind2="0" tag="651"><subfield code="a">Milledgeville (Ga.)</subfield><subfield code="v">Newspapers.</subfield></datafield><datafield ind1=" " ind2="7" tag="655"><subfield code="a">Newspapers.</subfield><subfield code="2">fast</subfield><subfield code="0">(OCoLC)fst01423814</subfield></datafield><datafield ind1=" " ind2="7" tag="651"><subfield code="a">Georgia</subfield><subfield code="z">Baldwin County.</subfield><subfield code="2">fast</subfield><subfield code="0">(OCoLC)fst01212301</subfield></datafield><datafield ind1=" " ind2="7" tag="651"><subfield code="a">Georgia</subfield><subfield code="z">Milledgeville.</subfield><subfield code="2">fast</subfield><subfield code="0">(OCoLC)fst01226246</subfield></datafield><datafield ind1=" " ind2=" " tag="752"><subfield code="a">United States</subfield><subfield code="b">Georgia</subfield><subfield code="c">Baldwin</subfield><subfield code="d">Milledgeville.</subfield></datafield><datafield ind1="0" ind2="0" tag="780"><subfield code="t">Times and state's right advocate</subfield><subfield code="w">(DLC)sn 88074200</subfield><subfield code="w">(OCoLC)17724619</subfield></datafield><datafield ind1="0" ind2="0" tag="785"><subfield code="t">Times &amp; state right's advocate</subfield><subfield code="w">(DLC)sn 90052383</subfield><subfield code="w">(OCoLC)21503981</subfield></datafield></record>